<?xml version="1.0" encoding="UTF-8"?><collection xmlns="http://www.loc.gov/MARC21/slim"><record><leader>00596nam--2200193-u-4500</leader><controlfield tag="001">000056039</controlfield><controlfield tag="002">20161230</controlfield><controlfield tag="005">20161230201052</controlfield><controlfield tag="008">141204s1000------------r-----000-0-eng-d</controlfield><datafield ind1=" " ind2=" " tag="020"><subfield code="a">9781940366265</subfield></datafield><datafield ind1=" " ind2=" " tag="040"><subfield code="a">IFIN-HH</subfield></datafield><datafield ind1=" " ind2=" " tag="080"><subfield code="a">530.1</subfield></datafield><datafield ind1="1" ind2=" " tag="100"><subfield code="a">Apostol, Marian</subfield></datafield><datafield ind1="1" ind2="0" tag="245"><subfield code="a">Analysis of a class of teledetection devices with a rotating antenna (tda)</subfield><subfield code="c">Marian apostol, stelian ilie, aurel petrut, marcel savu, stefan toba</subfield></datafield><datafield ind1=" " ind2=" " tag="260"><subfield code="a">New York</subfield><subfield code="b">Science Publishing Group</subfield><subfield code="c">2014</subfield></datafield><datafield ind1=" " ind2=" " tag="300"><subfield code="a">XII+134P</subfield></datafield><datafield ind1="1" ind2=" " tag="700"><subfield code="a">Toba, Stefan</subfield></datafield><datafield ind1=" " ind2=" " tag="852"><subfield code="a">82391</subfield><subfield code="c">530.1</subfield></datafield><datafield ind1=" " ind2=" " tag="CAT"><subfield code="a">Sys</subfield><subfield code="c">20141204</subfield><subfield code="h">130943</subfield></datafield></record></collection>